<?xml version="1.0" encoding="UTF-8"?><record xmlns="http://www.loc.gov/MARC21/slim" xmlns:cinclude="http://apache.org/cocoon/include/1.0" xmlns:zs="http://www.loc.gov/zing/srw/">
  <leader>00415nz  a2200121n  4500</leader>
  <controlfield tag="001">nr 00028660 </controlfield>
  <controlfield tag="003">DLC</controlfield>
  <controlfield tag="005">20001003034010.0</controlfield>
  <controlfield tag="008">000911n| acannaabn          |n aaa     c</controlfield>
  <datafield tag="010" ind1=" " ind2=" ">
    <subfield code="a">nr 00028660 </subfield>
  </datafield>
  <datafield tag="040" ind1=" " ind2=" ">
    <subfield code="a">DSI-HMS</subfield>
    <subfield code="b">eng</subfield>
    <subfield code="c">DSI-HMS</subfield>
  </datafield>
  <datafield tag="100" ind1="1" ind2=" ">
    <subfield code="a">Side휍혖n, Ann-Sofi,</subfield>
    <subfield code="d">1962-</subfield>
  </datafield>
  <datafield tag="670" ind1=" " ind2=" ">
    <subfield code="a">2 DVD installations : Eija-Liisa Ahtila &amp; Ann-Sofi Side휍혖n, c2000:</subfield>
    <subfield code="b">biography (b. 1962 Stockholm; lives and works in Stockholm and New York)</subfield>
  </datafield>
</record>